@inproceedings{adv_upd,
  title={Reinforcement learning in continuous time: Advantage updating},
  author={Baird, Leemon C},
  booktitle={Neural Networks, 1994. IEEE World Congress on Computational Intelligence., 1994 IEEE International Conference on},
  volume={4},
  pages={2448--2453},
  year={1994},
  organization={IEEE}
}
@incollection{adv_learn,
  title={Residual algorithms: Reinforcement learning with function approximation},
  author={Baird, Leemon},
  booktitle={Machine Learning Proceedings 1995},
  pages={30--37},
  year={1995},
  publisher={Elsevier}
}
@article{dueling_nets,
  title={Dueling network architectures for deep reinforcement learning},
  author={Wang, Ziyu and Schaul, Tom and Hessel, Matteo and Van Hasselt, Hado and Lanctot, Marc and De Freitas, Nando},
  journal={arXiv preprint arXiv:1511.06581},
  year={2015}
}
